
@article{AcemogluJohnsonRobinson01,
  author  = {Daron Acemoglu and Simon Johnson and James A. Robinson},
  journal = {The American Economic Review},
  month   = dec,
  number  = {5},
  pages   = {1369-1401},
  title   = {The Colonial Origins of Comparative Development: An Empirical Investigation},
  volume  = {91},
  year    = {2001}
}

@article{gonzalez2013effect,
  title={The effect of a universal child benefit on conceptions, abortions, and early maternal labor supply},
  author={Gonz{\'a}lez, Libertad},
  journal={American Economic Journal: Economic Policy},
  volume={5},
  number={3},
  pages={160--188},
  year={2013},
  publisher={American Economic Association}
}

@unpublished{GaudeckerEconProjectTemplates,
  author = {Hans-Martin von Gaudecker},
  note   = {\url{https://doi.org/10.5281/zenodo.2533241}},
  title  = {Templates for Reproducible Research Projects in Economics},
  year   = {2019}
}
